@article{noland2006,
  author   = {Robert B. Noland and William A. Cowart and Lewis M. Fulton},
  doi      = {10.1016/j.enpol.2005.05.013},
  issn     = {03014215},
  issue    = {17},
  journal  = {Energy Policy},
  keywords = {Emergency planning,Oil supply disruptions,Transport demand management},
  month    = {11},
  pages    = {2994-3005},
  title    = {Travel demand policies for saving oil during a supply emergency},
  volume   = {34},
  year     = {2006}
}
@article{shaheen2009,
  author  = {Susan A. Shaheen and Adam P. Cohen and Melissa S. Chung},
  doi     = {10.3141/2110-05},
  issn    = {03611981},
  issue   = {2110},
  journal = {Transportation Research Record},
  pages   = {35-44},
  title   = {North American carsharing: 10-year retrospective},
  year    = {2009}
}
@misc{businessInsider,
  author = {Alyson Shontell},
  title  = {All Hail the Uber Man! How a Sharp-Elbowed Guerrilla Marketer Named Travis Kalanick Became Silicon Valley's Newest Star},
  url    = {"https://www.businessinsider.com/uber-travis-kalanick-bio-2014-1?r=US{\&}IR=T"},
  year   = {2014}
}
@article{chan2012,
  author  = {Nelson D. Chan and Susan A. Shaheen},
  doi     = {10.1080/01441647.2011.621557},
  issn    = {01441647},
  issue   = {1},
  journal = {Transport Reviews},
  month   = {1},
  pages   = {93-112},
  title   = {Ridesharing in North America: Past, Present, and Future},
  volume  = {32},
  year    = {2012}
}
@article{ferguson1997,
  author   = {Erik T Ferguson},
  keywords = {carpools,education,family income,fuel economy,gasoline prices,vehicle availability},
  title    = {The rise and fall of the American carpool: 1970-1990 ERIK FERGUSON},
  year     = {1997},
  journal  = {Transport Reviews}
}

@misc{alvin2020,
  author       = {Alvin Wanjala},
  howpublished = {echtrendske.co.ke},
  title        = {Swvl Launches Long Distance Travel Service in Kenya},
  year         = {2020}
}

@misc{carpoolworld,
  author       = {Carpool World},
  howpublished = {carpoolworld.com},
  title        = {Carpool World},
  year         = {2021}
}

@misc{swvljulieowino,
  author       = {Julie Owino},
  howpublished = {https://www.capitalfm.co.ke/business/2020/11/swvl-kenya-introduces-new-long-distance-travel-service/},
  title        = {Swvl Kenya Introduces Long Distance Travel Service},
  year         = {2020}
}

@misc{swvlalvinwanjala,
  author       = {Alvin Wanjala},
  howpublished = {https://techtrendske.co.ke/swvl-launches-long-distance-travel-service-in-kenya/},
  title        = {Swvl Launches Long Distance Travel Service in Kenya},
  year         = {2020}
}

@misc{agilemanifesto,
  author       = {Kent Beck and Mike Beedle and Arie van Bennekum and  Alistair Cockburn and Ward Cunningham and Martin Fowler and James Grenning and Jim Highsmith and Andrew Hunt and Ron Jeffries and Jon Kern and Brian Marick and Robert C. Martin and Steve Mellor and Ken Schwaber and Jeff Sutherland and Dave Thomas},
  howpublished = {http://agilemanifesto.org/},
  title        = {Manifesto for Agile Software Development},
  year         = {2001}
}
